<?xml version="1.0" encoding="UTF-8"?><record xmlns="http://www.loc.gov/MARC21/slim" xmlns:cinclude="http://apache.org/cocoon/include/1.0" xmlns:zs="http://www.loc.gov/zing/srw/">
  <leader>00431cz  a2200133n  4500</leader>
  <controlfield tag="001">n 2005210459</controlfield>
  <controlfield tag="003">DLC</controlfield>
  <controlfield tag="005">20051202061328.0</controlfield>
  <controlfield tag="008">051202n| acannaabn          |a aaa      </controlfield>
  <datafield tag="010" ind1=" " ind2=" ">
    <subfield code="a">n 2005210459</subfield>
  </datafield>
  <datafield tag="040" ind1=" " ind2=" ">
    <subfield code="a">DLC</subfield>
    <subfield code="b">eng</subfield>
    <subfield code="c">DLC</subfield>
  </datafield>
  <datafield tag="100" ind1="0" ind2=" ">
    <subfield code="a">Sangeet Kumar</subfield>
  </datafield>
  <datafield tag="400" ind1="1" ind2=" ">
    <subfield code="a">Kumar, Sangeet</subfield>
  </datafield>
  <datafield tag="670" ind1=" " ind2=" ">
    <subfield code="a">Sangeet Kumar. Changing role of the caste system, 2005:</subfield>
    <subfield code="b">t.p. (Sangeet Kumar) jkt. (teaches in the Dept. of Sociol., B.N. Coll., Patna U., Patna)</subfield>
  </datafield>
</record>